@book{goodrich2013data,
	title={Data Structures and Algorithms in Python},
	author={Goodrich, M.T. and Tamassia, R. and Goldwasser, M.H.},
	isbn={9781118476734},
	url={https://www.wiley.com/en-us/Data+Structures+and+Algorithms+in+Python-p-9781118290279},
	year={2013},
	publisher={John Wiley \& Sons, Incorporated}
}
@book{russell2021artificial,
	title={Artificial Intelligence: A Modern Approach, Global Edition},
	author={Russell, S.J. and Norvig, P.},
	isbn={9781292401133},
	series={Pearson series in artificial intelligence},
	url={https://books.google.com/books?id=B4xczgEACAAJ},
	year={2020},
	edition={4th},
	publisher={Pearson}
}
@book{russell2010artificial,
	title={Artificial Intelligence: A Modern Approach},
	author={Russell, S.J. and Norvig, P.},
	isbn={9781292153964},
	series={Prentice Hall series in artificial intelligence},
	url={https://books.google.com/books?id=8jZBksh-bUMC},
	year={2009},
	edition={3rd},
	publisher={Prentice Hall}
}